<?xml version="1.0" encoding="UTF-8"?><collection><record><leader>07424ntm a2200733 a 4500</leader><controlfield tag="001">006825700</controlfield><controlfield tag="003">MiAaHDL</controlfield><controlfield tag="005">20190719000000.0</controlfield><controlfield tag="006">m        d        </controlfield><controlfield tag="007">cr bn ---auaua</controlfield><controlfield tag="008">090626s193u    xx            00| ||ara d</controlfield><datafield tag="035" ind1=" " ind2=" "><subfield code="a">(MiU)006825700</subfield></datafield><datafield tag="035" ind1=" " ind2=" "><subfield code="a">sdr-miu006825700</subfield></datafield><datafield tag="040" ind1=" " ind2=" "><subfield code="a">MiU</subfield><subfield code="c">MiU</subfield><subfield code="e">amremm</subfield></datafield><datafield tag="043" ind1=" " ind2=" "><subfield code="a">n-us-mi</subfield></datafield><datafield tag="100" ind1="0" ind2=" "><subfield code="6">880-01</subfield><subfield code="a">Ghazzālī,</subfield><subfield code="d">1035-1111.</subfield></datafield><datafield tag="245" ind1="1" ind2="0"><subfield code="6">880-03</subfield><subfield code="a">[Kitāb Minhāj al-ʻābidīn ilá al-jannah ...etc.,</subfield><subfield code="f">193-?].</subfield></datafield><datafield tag="246" ind1="3" ind2="8"><subfield code="a">منهاج العابدين الى الجنة</subfield></datafield><datafield tag="246" ind1="3" ind2=" "><subfield code="i">Title of closing work from 'title page' (p.35):</subfield><subfield code="a">ضابط شريف في الاسرار والفوائد</subfield></datafield><datafield tag="246" ind1="3" ind2=" "><subfield code="i">Title of second work from 'title page' (p.21):</subfield><subfield code="a">كتاب منهاج العابدين الى الجنة</subfield></datafield><datafield tag="246" ind1="3" ind2=" "><subfield code="i">Title of opening work from 'title page' (p.1):</subfield><subfield code="a">كتاب منهاج العابدين الى الجنة</subfield></datafield><datafield tag="260" ind1=" " ind2=" "><subfield code="c">[193-?].</subfield></datafield><datafield tag="300" ind1=" " ind2=" "><subfield code="a">26 leaves :</subfield><subfield code="b">paper ;</subfield><subfield code="c">237-300 x 155-228 mm. bound to 310 x 235 mm.</subfield></datafield><datafield tag="500" ind1=" " ind2=" "><subfield code="a">Shelfmark: Ann Arbor, University of Michigan, Special Collections Library, Isl. Ms. 927</subfield></datafield><datafield tag="500" ind1=" " ind2=" "><subfield code="a">Origin: Lacks dated colophon ; likely copied in Egypt in the late 1930s and bound for James Heyworth-Dunne (d.1974).</subfield></datafield><datafield tag="500" ind1=" " ind2=" "><subfield code="a">Former shelfmark: Mich. Isl. Ms. temp. no. 76</subfield></datafield><datafield tag="500" ind1=" " ind2=" "><subfield code="a">Binding: Boards covered in dark green cloth with dark green leather over spine (quarter binding) ; pastedowns and flyleaves in wove paper printed with a floral vegetal pattern in green ; spine gold-stamped with title and decorative accents over raised bands "منهاج العابدين الى الجنة | الغزالى| J.H.D." ; sewing difficult to examine ; stuck-on endbands (blue and white stripe) ; overall in fairly good condition.</subfield></datafield><datafield tag="500" ind1=" " ind2=" "><subfield code="a">Support: Wove paper of three different types.</subfield></datafield><datafield tag="500" ind1=" " ind2=" "><subfield code="a">Decoration: Some heading and portions of text in purple and red ink (see pp.21-22).</subfield></datafield><datafield tag="500" ind1=" " ind2=" "><subfield code="a">Script: Naskh and ruqʻah ; likely executed by the same hand ; opening two works mainly in naskh (with influence of ruqʻah), mainly serifless with slight effect of inclination to the left, curvilinear descenders, pointing in strokes rather than distinct dots, final yāʼ usually unpointed, free assimilation of letters ; opening work in a bold line, second in a thinner line ; final work mainly in ruqʻah, a quick, compact hand in a medium line, serifless and freely ligatured with mainly closed counters, slight effect of words descending to baseline and inclination to the left, pointing somewhat careless and in strokes rather than distinct dots.</subfield></datafield><datafield tag="500" ind1=" " ind2=" "><subfield code="a">Layout: Written in 15-21 lines per page ; unruled, lines often curved or sagging.</subfield></datafield><datafield tag="500" ind1=" " ind2=" "><subfield code="a">Collation: Internal pagination in pencil, Hindu-Arabic numerals, for opening of second work (see pp.22-28) ; pagination in pencil, Western numerals, supplied during digitization ; a few pages left partially blank to serve at 'title pages' (see pp.1, 21, 35).</subfield></datafield><datafield tag="500" ind1=" " ind2=" "><subfield code="a">Incipit: [Minhāj al-ʻābidīn] "وصلى الله على سيدنا ومولانا محمد وعلى آله وصحبه وسلم قال الشيخ الامام الصالح الزاهد عبد الملك ابن عبد الله رضي الله تعالى عنه وارضاه املى علي الشيخ الاجل الزاهد حجة الاسلام زين الدين شرف الائمة ابو حامد محمد بن محمد بن محمد الغزالي الطوسي رفع الله في الجنة درجته هذا الكتاب وهو آخر كتاب صنفه الحمد لله الملك الحليم الجواد الكريم العزيز الحكيم الذي فطر السموات والارض بقدرته ودبر الامور في الدارين بحكمته وما خلق الجن والانس الا لعبادته فالطريق واضح للقاصدين والدليل لائح للناظرين ..." [Ḍābiṭ sharīf ] "كان ما كان وباسمه يكون ما يكوت ربنا افتح بيننا وبين قومنا بالحق وانت خير الفاتحين ضابط شريف يحتوي على عدة اسرار وفوائد اعلم ان كل ما ظننت ادراكه دون ان ينفذ بصرك الى ما وراءه كان ترى مثلا هذه الصورة او هذا الجسم ولم تعلم ما وراءهما من المعنى او الروح فانت في الحقيقة لم تدرك ذلك الشيء الذي ظننتك مدركا له من الادراك ..."</subfield></datafield><datafield tag="500" ind1=" " ind2=" "><subfield code="a">Title supplied by cataloguer from inscription on 'title page' (p.1).</subfield></datafield><datafield tag="500" ind1=" " ind2=" "><subfield code="a">Ms. codex.</subfield></datafield><datafield tag="505" ind1="0" ind2=" "><subfield code="a">4. p.35-p.53 : [Commentary upon and extracts from Miftāḥ ghayb al-jamʻ wa-al-wujūd, opening with Ḍābiṭ sharīf yaḥtawī ʻalá ʻiddat asrār wa-fawāʼid].</subfield></datafield><datafield tag="505" ind1="0" ind2=" "><subfield code="a">3. p.34 : [blank].</subfield></datafield><datafield tag="505" ind1="0" ind2=" "><subfield code="a">2. p.21-33 : Kitāb Minhāj al-ʻābidīn ilá al-jannah / al-Ghazzālī.</subfield></datafield><datafield tag="505" ind1="0" ind2=" "><subfield code="a">1. p.1-p.20 : Kitāb Minhāj al-ʻābidīn ilá al-jannah / al-Ghazzālī.</subfield></datafield><datafield tag="510" ind1="4" ind2=" "><subfield code="a">Brockelmann, C. GAL,</subfield><subfield code="c">I 449 ; S I 807</subfield></datafield><datafield tag="510" ind1="4" ind2=" "><subfield code="a">Brockelmann, C. GAL,</subfield><subfield code="c">I 423 no.38 ; S I 744 ff.</subfield></datafield><datafield tag="520" ind1="8" ind2=" "><subfield code="a">Careful copy of a majmūʻah with two partial transcripts of Minhāj al-ʻābidīn, a work of Ṣūfī thought attributed to al-Ghazālī, followed by a selection of commentary upon and extracts from Miftāḥ ghayb al-jamʻ wa-al-wujūd, Ṣadr al-Dīn al-Qūnawī’s (d.1274) chief philosophical work.</subfield></datafield><datafield tag="538" ind1=" " ind2=" "><subfield code="a">Mode of access: Internet.</subfield></datafield><datafield tag="541" ind1=" " ind2=" "><subfield code="a">Acquired in the Fall of 1950.</subfield></datafield><datafield tag="546" ind1=" " ind2=" "><subfield code="a">Arabic.</subfield></datafield><datafield tag="561" ind1=" " ind2=" "><subfield code="a">On upper pastedown label with ex libris of James Heyworth-Dunne (d.1974), stamped with inventory number, "Ex Libris | J. Heyworth-Dunne | D. Lit. (London) | No 7968" ; UM Library inscription on verso of front flyleaf "Dunning | Heyworth-Dunne | 6-11-51 | 71955" ; possible former inventory mark in pencil on verso of final leaf (p.54) "231 / 53" ; marginal glosses.</subfield></datafield><datafield tag="600" ind1="1" ind2="0"><subfield code="a">Ṣadr al-Dīn al-Qūnawī, Muḥammad ibn Isḥāq,</subfield><subfield code="d">d. 1273 or 4.</subfield><subfield code="t">Miftāḥ ghayb al-jamʻ wa-al-wujūd.</subfield></datafield><datafield tag="650" ind1=" " ind2="0"><subfield code="a">Manuscripts, Arabic</subfield><subfield code="z">Michigan</subfield><subfield code="z">Ann Arbor.</subfield></datafield><datafield tag="650" ind1=" " ind2="0"><subfield code="a">God (Islam)</subfield><subfield code="v">Early works to 1800.</subfield></datafield><datafield tag="650" ind1=" " ind2="0"><subfield code="a">Islamic philosophy</subfield><subfield code="v">Early works to 1800.</subfield></datafield><datafield tag="650" ind1=" " ind2="0"><subfield code="a">Religious life</subfield><subfield code="x">Islam</subfield><subfield code="v">Early works to 1800.</subfield></datafield><datafield tag="650" ind1=" " ind2="0"><subfield code="a">Muslims</subfield><subfield code="x">Conduct of life</subfield><subfield code="v">Early works to 1800.</subfield></datafield><datafield tag="650" ind1=" " ind2="0"><subfield code="a">Islamic ethics</subfield><subfield code="v">Early works to 1800.</subfield></datafield><datafield tag="650" ind1=" " ind2="0"><subfield code="a">Sufism</subfield><subfield code="v">Early works to 1800.</subfield></datafield><datafield tag="700" ind1="1" ind2=" "><subfield code="a">Heyworth-Dunne, J.</subfield><subfield code="q">(James),</subfield><subfield code="e">former owner.</subfield></datafield><datafield tag="700" ind1="1" ind2="2"><subfield code="6">880-05</subfield><subfield code="a">Ṣadr al-Dīn al-Qūnawī, Muḥammad ibn Isḥāq,</subfield><subfield code="d">-1273 or 1274.</subfield><subfield code="t">Miftāḥ ghayb al-jamʻ wa-al-wujūd.</subfield><subfield code="k">Selections.</subfield></datafield><datafield tag="740" ind1="0" ind2="2"><subfield code="6">880-08</subfield><subfield code="a">ضابط شريف يحتوي على عدة اسرار وفوائد</subfield></datafield><datafield tag="740" ind1="0" ind2="2"><subfield code="6">880-07</subfield><subfield code="a">ضابط شريف في الاسرار والفوائد</subfield></datafield><datafield tag="773" ind1="0" ind2=" "><subfield code="a">Heyworth-Dunne Collection.</subfield></datafield><datafield tag="880" ind1="0" ind2="2"><subfield code="6">740-08/</subfield><subfield code="a">Ḍābiṭ sharīf yaḥtawī ʻalá ʻiddat asrār wa-fawāʼid</subfield></datafield><datafield tag="880" ind1="0" ind2="2"><subfield code="6">740-07/</subfield><subfield code="a">Ḍābiṭ sharīf fī al-asrār wa-al-fawāʼid</subfield></datafield><datafield tag="880" ind1="1" ind2="2"><subfield code="6">700-05/</subfield><subfield code="a">صدر الدين القونوي، محمد بن اسحاق.</subfield><subfield code="t">مفتاح غيب الجمع والوجود.</subfield><subfield code="k">مختارات.</subfield></datafield><datafield tag="880" ind1="1" ind2="0"><subfield code="6">245-03/</subfield><subfield code="a">[كتاب منهاج العابدين الى الجنة ...الخ,</subfield><subfield code="f">193-م?].</subfield></datafield><datafield tag="880" ind1="0" ind2=" "><subfield code="6">100-01/</subfield><subfield code="a">غزالي</subfield></datafield><datafield tag="CID" ind1=" " ind2=" "><subfield code="a">006825700</subfield></datafield><datafield tag="DAT" ind1="0" ind2=" "><subfield code="a">20190719102640.0</subfield><subfield code="b">20190719000000.0</subfield></datafield><datafield tag="DAT" ind1="1" ind2=" "><subfield code="a">20190719090653.0</subfield><subfield code="b">2019-07-19T16:10:28Z</subfield></datafield><datafield tag="DAT" ind1="2" ind2=" "><subfield code="a">2015-10-02T18:00:03Z</subfield></datafield><datafield tag="CAT" ind1=" " ind2=" "><subfield code="a">SDR-MIU</subfield><subfield code="d">EX LIBRIS - ALEPH</subfield><subfield code="l">prepare.pl-004-008</subfield></datafield><datafield tag="FMT" ind1=" " ind2=" "><subfield code="a">BK</subfield></datafield><datafield tag="HOL" ind1=" " ind2=" "><subfield code="0">sdr-miu006825700</subfield><subfield code="a">MiU</subfield><subfield code="b">SDR</subfield><subfield code="c">MIU</subfield><subfield code="p">mdp.39015079131085</subfield><subfield code="s">MIU</subfield><subfield code="1">006825700</subfield></datafield><datafield tag="974" ind1=" " ind2=" "><subfield code="b">MIU</subfield><subfield code="c">MIU</subfield><subfield code="d">20190719</subfield><subfield code="s">lit-dlps-dc</subfield><subfield code="u">mdp.39015079131085</subfield><subfield code="y">1939</subfield><subfield code="r">ic-world</subfield><subfield code="q">man</subfield></datafield></record></collection>